<record><leader>00000cas a2200000Ma 4500</leader><controlfield tag="001">10698416</controlfield><controlfield tag="008">840507d18471848ctudr ne      0    0eng d</controlfield><datafield ind1=" " ind2=" " tag="010"><subfield code="a">sn 84023012 </subfield></datafield><datafield ind1=" " ind2=" " tag="040"><subfield code="a">AQM</subfield><subfield code="b">eng</subfield><subfield code="c">AQM</subfield><subfield code="d">OCLCG</subfield><subfield code="d">OCLCQ</subfield></datafield><datafield ind1="0" ind2="0" tag="245"><subfield code="a">New Haven morning journal.</subfield></datafield><datafield ind1=" " ind2=" " tag="260"><subfield code="a">New Haven [Conn.] :</subfield><subfield code="b">Byington &amp; Adams</subfield></datafield><datafield ind1=" " ind2=" " tag="300"><subfield code="a">v.</subfield></datafield><datafield ind1=" " ind2=" " tag="310"><subfield code="a">Daily</subfield></datafield><datafield ind1="1" ind2=" " tag="362"><subfield code="a">Began in Feb. 1847? Ceased in Feb. 1848?</subfield><subfield code="z">Cf. Amer. newspapers, 1821-1936.</subfield></datafield><datafield ind1=" " ind2=" " tag="500"><subfield code="a">Editor: T.G. Woodward, &lt;1847&gt;.</subfield></datafield><datafield ind1=" " ind2=" " tag="588"><subfield code="a">Description based on: Vol. 1, no. 143 (July 27, 1847).</subfield></datafield><datafield ind1=" " ind2="7" tag="655"><subfield code="a">Newspapers.</subfield><subfield code="2">rbgenr</subfield></datafield><datafield ind1="1" ind2=" " tag="700"><subfield code="a">Woodward, Thomas Green,</subfield><subfield code="d">1789-1850.</subfield></datafield><datafield ind1=" " ind2=" " tag="752"><subfield code="a">United States</subfield><subfield code="b">Connecticut</subfield><subfield code="c">New Haven</subfield><subfield code="d">New Haven.</subfield></datafield><datafield ind1="0" ind2="7" tag="785"><subfield code="t">Daily morning courier (New Haven, Conn.)</subfield><subfield code="w">(DLC)sn 84023011</subfield></datafield><datafield ind1="0" ind2="7" tag="785"><subfield code="t">Morning journal and courier</subfield><subfield code="w">(DLC)sn 82015483</subfield></datafield><datafield ind1="1" ind2=" " tag="029"><subfield code="a">AU@</subfield><subfield code="b">000020129223</subfield></datafield></record>